<record><leader>00000cas a2200000 a 4500</leader><controlfield tag="001">12544604</controlfield><controlfield tag="008">850913d19111913ksuwr ne      0    0eng d</controlfield><datafield ind1=" " ind2=" " tag="010"><subfield code="a">sn 85029734 </subfield></datafield><datafield ind1=" " ind2=" " tag="040"><subfield code="a">KSH</subfield><subfield code="b">eng</subfield><subfield code="c">KSH</subfield><subfield code="d">NPT</subfield><subfield code="d">OCL</subfield><subfield code="d">OCLCQ</subfield></datafield><datafield ind1=" " ind2=" " tag="042"><subfield code="a">msc</subfield></datafield><datafield ind1="0" ind2="4" tag="245"><subfield code="a">The Dorrance news.</subfield></datafield><datafield ind1=" " ind2=" " tag="260"><subfield code="a">Dorrance, Kan. :</subfield><subfield code="b">G.B. Siders,</subfield><subfield code="c">1911-</subfield></datafield><datafield ind1=" " ind2=" " tag="300"><subfield code="a">v. :</subfield><subfield code="b">ill. ;</subfield><subfield code="c">49-59 cm.</subfield></datafield><datafield ind1=" " ind2=" " tag="310"><subfield code="a">Weekly</subfield></datafield><datafield ind1="0" ind2=" " tag="362"><subfield code="a">Vol. 1, no. 1 (Aug. 3, 1911)-</subfield></datafield><datafield ind1="1" ind2=" " tag="362"><subfield code="a">Ceased in 1913?</subfield></datafield><datafield ind1=" " ind2=" " tag="500"><subfield code="a">Published by: B.J. Barrett, Apr. 19-&lt;Oct. 17, 1912&gt;; Booker Gilfillen, &lt;Nov. 21-Dec. 19, 1912&gt;; Booker &amp; Myrtle Gilfillen, &lt;Dec. 26, 1912&gt;-</subfield></datafield><datafield ind1=" " ind2=" " tag="752"><subfield code="a">United States</subfield><subfield code="b">Kansas</subfield><subfield code="c">Russell</subfield><subfield code="d">Dorrance.</subfield></datafield><datafield ind1="1" ind2=" " tag="029"><subfield code="a">AU@</subfield><subfield code="b">000022172235</subfield></datafield></record>